@string{ ProceedingsOf = "Proceedings of the"}
@string{ OSDI = {USENIX Symposium on Operating Systems Design \& Implementation}}
@string{ OSDI1996 = ProceedingsOf # " 2th " # OSDI }
@string{ OSDI2000 = ProceedingsOf # " 4th " # OSDI }
@string{ OSDI2002 = ProceedingsOf # " 5th " # OSDI }
@string{ OSDI2004 = ProceedingsOf # " 6th " # OSDI }
@string{ OSDI2006 = ProceedingsOf # " 7th " # OSDI }
@string{ OSDI2008 = ProceedingsOf # " 8th " # OSDI }
@string{ OSDI2010 = ProceedingsOf # " 9th " # OSDI }
@string{ OSDI2012 = ProceedingsOf # " 10th " # OSDI }

@string{ SOSP = "ACM Symposium on Operating Systems Principles"}
@string{ SOSP1991 = ProceedingsOf # " 13th " # SOSP }
@string{ SOSP1993 = ProceedingsOf # " 14th " # SOSP }
@string{ SOSP1995 = ProceedingsOf # " 15th " # SOSP }
@string{ SOSP1997 = ProceedingsOf # " 16th " # SOSP }
@string{ SOSP2001 = ProceedingsOf # " 18th " # SOSP }
@string{ SOSP2003 = ProceedingsOf # " 19th " # SOSP }
@string{ SOSP2009 = ProceedingsOf # " 22nd " # SOSP }
@string{ SOSP2011 = ProceedingsOf # " 23rd " # SOSP }
@string{ SOSP2013 = ProceedingsOf # " 24th " # SOSP }

@string{ ATC = "USENIX Annual Technical Conference"}
@string{ ATC2008 = ProceedingsOf # " 2008 " # ATC }
@string{ ATC2009 = ProceedingsOf # " 2009 " # ATC }
@string{ ATC2010 = ProceedingsOf # " 2010 " # ATC }
@string{ ATC2011 = ProceedingsOf # " 2011 " # ATC }
@string{ ATC2012 = ProceedingsOf # " 2012 " # ATC }

@string{ HOTOS = "Workshop on Hot Topics in Operating Systems"}
@string{ HOTOS03 = ProceedingsOf # " 9th " # HOTOS }
@string{ HOTOS05 = ProceedingsOf # " 10th " # HOTOS }

@string{ VEE = "ACM SIGPLAN/SIGOPS International Conference on Virtual Execution Environments" }
@string{ VEE05 = ProceedingsOf # " 1st " # VEE }
@string{ VEE11 = ProceedingsOf # " 7th " # VEE }

@string{ ASPLOS = "International Conference on Architectural Support for Programming Languages and Operating Systems"}
@string{ ASPLOS2006 = ProceedingsOf # " 12th " # ASPLOS }
@string{ ASPLOS2013 = ProceedingsOf # " 18th " # ASPLOS }

@string{ OSR = "SIGOPS Operating Systems Review" }

@string{ ATEC = "USENIX Annual Technical Conference" }
@string{ ATEC96 = ProceedingsOf # " 1996 " # ATEC }
@string{ ATEC03 = ProceedingsOf # " 2003 " # ATEC }
@string{ ATEC05 = ProceedingsOf # " 2005 " # ATEC }

@string{ APSYS = "ACM Asia-Pacific Workshop on Systems" }
@string{ APSYS10 = ProceedingsOf # " 1st " # APSYS }
@string{ APSYS13 = ProceedingsOf # " 4th " # APSYS }

@string{ LISA = "USENIX conference on Large Installation System Administration" }
@string{ LISA03 = ProceedingsOf # " 17th " # LISA }
@string{ LISA06 = ProceedingsOf # " 20th " # LISA }


@webpage{driverdomain,
    Howpublished = {\url{http://wiki.xen.org/wiki/Driver_Domain}}, 
    Title = {{Xen's Isolated Driver Domain}}
}

@webpage{coveritykernel,
    Howpublished = {\url{http://www.coverity.com/library/pdf/coverity_linuxsecurity.pdf}}, 
    Title = {{Coverity's Analysis of the Linux kernel}}
}

@webpage{sysbench,
    Howpublished = {\url{http://sysbench.sourceforge.net/}}, 
    Title = {{SysBench 0.4.12 – A System Performance Benchmark}}
}

@webpage{hypercall,
    Howpublished = {\url{http://wiki.xen.org/wiki/Hypercall}}, 
    Title = {{Xen hypervisor: Hypercall}}
}

@webpage{granttable,
    Howpublished = {\url{http://xenbits.xen.org/docs/4.2-testing/misc/grant-tables.txt}}, 
    Title = {{Xen hypervisor: Grant Table}}
}

@book{Galvin,
 author = {Silberschatz, Abraham and Galvin, Peter Baer and Gagne, Greg},
 title = {Operating System Concepts},
 year = {2008},
 isbn = {0470128720},
 edition = {8th},
 publisher = {Wiley Publishing},
} 

@book{Bovet:2005:ULK:1077084,
 author = {Bovet, Daniel and Cesati, Marco},
 title = {Understanding The Linux Kernel},
 year = {2005},
 isbn = {0596005652},
 edition = {3rd},
 publisher = {Oreilly \& Associates Inc},
} 

@book{Corbet:2005:LDD:1209083,
 author = {Corbet, Jonathan and Rubini, Alessandro and Kroah-Hartman, Greg},
 title = {Linux Device Drivers},
 year = {2005},
 isbn = {0596005903},
 edition = {3rd},
 publisher = {O'Reilly Media, Inc.},
} 

@book{Chisnall:2007:DGX:1407351,
 author = {Chisnall, David},
 title = {The Definitive Guide to the Xen Hypervisor},
 year = {2007},
 isbn = {9780132349710},
 edition = {1st},
 publisher = {Prentice Hall Press},
} 

@inproceedings{Goldberg:1973:AVM:800122.803950,
 title = {Architecture of Virtual Machines},
 author = {Goldberg, R. P.},
 booktitle = {Proceedings of the Workshop on Virtual Computer Systems},
 pages = {74--112},
 year = {1973},
 address = {Cambridge, Massachusetts, USA},
} 

@inproceedings{LeVasseur04UnmodifiedDriverReuse,
  title={Unmodified Device Driver Reuse and Improved System Dependability via Virtual Machines.},
  author={LeVasseur, Joshua and Uhlig, Volkmar and Stoess, Jan and G{\"o}tz, Stefan},
  booktitle={OSDI},
  pages={17--30},
  volume={4},
  number={19},
  year={2004},
  address = {University of Karlsruhe, Germany},
}

@article{denning1970virtual,
  title={Virtual memory},
  author={Denning, Peter J},
  journal={ACM Computing Surveys (CSUR)},
  volume={2},
  number={3},
  pages={153--189},
  year={1970},
}


@inproceedings{barham2003xen,
 author = {Barham, Paul and Dragovic, Boris and Fraser, Keir and Hand, Steven and Harris, Tim and Ho, Alex and Neugebauer, Rolf and Pratt, Ian and Warfield, Andrew},
 title = {Xen and the Art of Virtualization},
 booktitle = {Proceedings of the Nineteenth ACM Symposium on Operating Systems Principles},
 year = {2003},
 location = {Bolton Landing, NY, USA},
 pages = {164--177},
 address = {Bolton Landing, NY, USA},
} 

@inproceedings{Graham:1971:PPP:1478873.1478928,
 author = {Graham, G. Scott and Denning, Peter J.},
 title = {Protection: Principles and Practice},
 booktitle = {Proceedings of the May 16-18, 1972, Spring Joint Computer Conference},
 year = {1972},
 pages = {417--429},
 numpages = {13},
 address = {Atlantic City, NJ, USA},
} 

@article{Drepper:2008:CV:1348583.1348591,
 author = {Drepper, Ulrich},
 title = {The Cost of Virtualization},
 journal = {ACM Queue},
 volume = {6},
 number = {1},
 year = {2008},
 pages = {28--35},
 address = {New York, NY, USA},
} 

@inproceedings{Riley:2008:GPK:1433006.1433008,
 author = {Riley, Ryan and Jiang, Xuxian and Xu, Dongyan},
 title = {Guest-Transparent Prevention of Kernel Rootkits with {VMM}-Based Memory Shadowing},
 booktitle = {Recent Advances in Intrusion Detection},
 year = {2008},
 pages = {1--20},
 address = {Cambridge, MA, USA},
} 

@article{Habib:2008:VK:1344209.1344217,
 author = {Habib, Irfan},
 title = {Virtualization with {KVM}},
 journal = {Linux Journal},
 volume = {2008},
 number = {166},
 year = {2008},
 articleno = {8},
 address = {Houston, TX},
} 

@article{Agesen:2010:EXV:1899928.1899930,
 author = {Agesen, Ole and Garthwaite, Alex and Sheldon, Jeffrey and Subrahmanyam, Pratap},
 title = {The evolution of an x86 virtual machine monitors},
 journal = {ACM SIGOPS Operating Systems Review},
 volume = {44},
 number = {4},
 year = {2010},
 pages = {3--18},
} 

@inproceedings{camargos2008virtualization,
  title={Virtualization of Linux servers},
  author={Camargos, F and Girard, G and Ligneris, B},
  journal={{L}inux Symposium},
  pages={63--76},
  year={2008},
  address = {Ottawa, Ontario, Canada},
}

@inproceedings{Sugerman:2001:VID:647055.715774,
 author = {Sugerman, Jeremy and Venkitachalam, Ganesh and Lim, Beng-Hong},
 title = {Virtualizing I/O Devices on VMware Workstation's Hosted Virtual Machine Monitor},
 booktitle = {USENIX Annual Technical Conference, General Track},
 year = {2001},
 pages = {1--14},
 address = {Boston, MA, USA},
} 

@inproceedings{king2003operating,
  title={Operating System Support for Virtual Machines.},
  author={King, Samuel T and Dunlap, George W and Chen, Peter M},
  booktitle={USENIX Annual Technical Conference, General Track},
  pages={71--84},
  year={2003}
}

@inproceedings{Nikolaev:2013:VOS:2517349.2522719,
 author = {Nikolaev, Ruslan and Back, Godmar},
 title = {VirtuOS: An Operating System with Kernel Virtualization},
 booktitle = {Proceedings of the Twenty-Fourth ACM Symposium on Operating Systems Principles},
 year = {2013},
 pages = {116--132},
 address = {Farminton, PA, USA},
} 

@inproceedings{Menon:2006:ONV:1267359.1267361,
 author = {Menon, Aravind and Cox, Alan L. and Zwaenepoel, Willy},
 title = {Optimizing Network Virtualization in {X}en},
 booktitle = {Proceedings of the Annual Conference on USENIX '06 Annual Technical Conference},
 year = {2006},
 pages = {2--2},
 address = {Boston, MA, USA},
} 

@article{Mogul:1991:ECS:106973.106982,
 author = {Mogul, Jeffrey C. and Borg, Anita},
 title = {The effect of context switches on cache performance},
 journal = {SIGPLAN Not.},
 volume = {26},
 number = {4},
 year = {1991},
 pages = {75--84},
 address = {New York, NY, USA},
} 

@inproceedings{Li:2007:QCC:1281700.1281702,
 author = {Li, Chuanpeng and Ding, Chen and Shen, Kai},
 title = {Quantifying the Cost of Context Switch},
 booktitle = {Proceedings of the 2007 Workshop on Experimental Computer Science},
 year = {2007},
 articleno = {2},
 address = {San Diego, CA, USA},
} 

@inproceedings{Menascé05virtualization:concepts,
  author = {Menasc{\'e}, Daniel A},
  title = {Virtualization: Concepts, applications, and performance modeling},
  booktitle={Int. CMG Conference},
  pages={407--414},
  year={2005}
}

@inproceedings{hand2005virtual,
  title={Are virtual machine monitors microkernels done right?},
  author={Hand, Steven and Warfield, Andrew and Fraser, Keir and Kotsovinos, Evangelos and Magenheimer, Daniel J},
  booktitle={the 10th Workshop on Hot Topics in Operating Systems},
  year={2005},
  address={Santa Fe, NM},
}

@inproceedings{Fraser04safehardware,
    author = {Fraser, Keir and Hand, Steven and Neugebauer, Rolf and Pratt, Ian and Warfield, Andrew and Williamson, Mark},
    title = {Safe hardware access with the {X}en virtual machine monitor},
    booktitle = {1st Workshop on Operating System and Architectural Support for the on-demand IT InfraStructure (OASIS)},
    year = {2004}
}

@inproceedings{Zhang:2007:XHI:1516124.1516138,
 author = {Zhang, Xiaolan and McIntosh, Suzanne and Rohatgi, Pankaj and Griffin, John Linwood},
 title = {XenSocket: A High-throughput Interdomain Transport for Virtual Machines},
 booktitle = {Proceedings of the ACM/IFIP/USENIX 2007 International Conference on Middleware},
 year = {2007},
 pages = {184--203},
 address = {Newport Beach, CA, USA},
} 

@inproceedings{Burtsev:2009:FFI:1855807.1855832,
 author = {Burtsev, Anton and Srinivasan, Kiran and Radhakrishnan, Prashanth and Bairavasundaram, Lakshmi N. and Voruganti, Kaladhar and Goodson, Garth R.},
 title = {Fido: Fast Inter-virtual-machine Communication for Enterprise Appliances},
 booktitle = {Proceedings of the 2009 Conference on USENIX Annual Technical Conference},
 year = {2009},
 pages = {25--25},
 address = {San Diego, CA, USA},
} 

@inproceedings{kivity2007kvm,
  title={{KVM}: the Linux virtual machine monitor},
  author={Kivity, Avi and Kamay, Yaniv and Laor, Dor and Lublin, Uri and Liguori, Anthony},
  booktitle={Proceedings of the Linux Symposium},
  volume={1},
  pages={225--230},
  year={2007}
}

@article{tanenbaum2006can,
  title={Can we make operating systems reliable and secure?},
  author={Tanenbaum, Andrew S and Herder, Jorrit N and Bos, Herbert},
  journal={Computer},
  volume={39},
  number={5},
  pages={44--51},
  year={2006},
}

@article{swift2005improving,
  title={Improving the reliability of commodity operating systems},
  author={Swift, Michael M and Bershad, Brian N and Levy, Henry M},
  journal={ACM Transactions on Computer Systems (TOCS)},
  volume={23},
  number={1},
  pages={77--110},
  year={2005},
}

@inproceedings{Ganapathy:2008:DIM:1346281.1346303,
 author = {Ganapathy, Vinod and Renzelmann, Matthew J. and Balakrishnan, Arini and Swift, Michael M. and Jha, Somesh},
 title = {The Design and Implementation of Microdrivers},
 booktitle = {Proceedings of the 13th International Conference on Architectural Support for Programming Languages and Operating Systems},
 series = {ASPLOS XIII},
 year = {2008},
 pages = {168--178},
 address = {Seattle, WA, USA},
} 

@inproceedings{Boyd-Wickizer+:atc2010,
 author = {Boyd-Wickizer, Silas and Zeldovich, Nickolai},
 title = {Tolerating malicious device drivers in {Linux}},
 booktitle = ATC2010,
 series = {ATC'10},
 year = {2010},
 address = {Boston, MA, USA},
 pages = {117--130},
 numpages = {1},
 url = {http://dl.acm.org/citation.cfm?id=1855840.1855849},
 acmid = {1855849},
}

@inproceedings{armand1991give,
  title={Give a process to your drivers},
  author={Armand, Fran{\c{c}}ois},
  booktitle={Proceedings of the EurOpen Autumn 1991 Conference},
  pages={16--20},
  year={1991},
  organization={Budapest}
}

@article{Leslie+:jcst2005,
    author = {Ben Leslie and Peter Chubb and Nicholas Fitzroy-Dale and Stefan G¨otz 
       and Charles Gray and Luke Macpherson and Daniel Potts and Yueting (Rita) Shen
           and Kevin Elphinstone and Gernot Heiser},
    title = {Userlevel device drivers: Achieved performance},
    journal = {Journal of Computer Science and Technology},
    volume = 20,
    number = 5,
    pages = {654-–664}, 
    month = sep,
    year = 2005
}

@inproceedings{Accetta+:usenix86,
    author = {Mike Accetta and Robert Baron and William Bolosky and David Golub and Richard Rashid and Avadis Tevanian and Michael Young},
    title = {Mach: A New Kernel Foundation for {UNIX} Development},
    booktitle = {Proceedings of the 1986 Summer USENIX Conference},
    year = {1986},
    pages = {93--112}
}

@inproceedings{Liedtke+:sosp95,
 author = {Liedtke, J.},
 title = {On micro-kernel construction},
 booktitle = SOSP1995,
 series = {SOSP'95},
 year = {1995},
 isbn = {0-89791-715-4},
 address = {Copper Mountain, CO, USA},
 pages = {237--250},
 numpages = {14},
 url = {http://doi.acm.org/10.1145/224056.224075},
 doi = {10.1145/224056.224075},
 acmid = {224075}
}

@inproceedings{Heiser+:acm10,
 author = {Heiser, Gernot and Leslie, Ben},
 title = {{The OKL4 Microvisor: Convergence Point of Microkernels and Hypervisors}},
 booktitle = APSYS10,
 series = {APSys'10},
 year = {2010},
 isbn = {978-1-4503-0195-4},
 address = {New Delhi, India},
 pages = {19--24},
 numpages = {6},
 url = {http://doi.acm.org/10.1145/1851276.1851282},
 doi = {10.1145/1851276.1851282},
 acmid = {1851282},
 keywords = {embedded systems, hypervisors, microkernels, real-time systems, virtual machines},
} 